<record xmlns="http://www.loc.gov/MARC21/slim" xmlns:xsi="http://www.w3.org/2001/XMLSchema-instance" xsi:schemaLocation="http://www.loc.gov/MARC21/slim http://www.loc.gov/standards/marcxml/schema/MARC21slim.xsd"><leader>01009cz   2200193n  4500</leader><controlfield tag="001">oca00050949 </controlfield><controlfield tag="005">19850618114855.9</controlfield><controlfield tag="008">800522n| acannaab|          |a aaa |||  </controlfield><datafield ind1=" " ind2=" " tag="010"><subfield code="a">n  50015482 </subfield></datafield><datafield ind1=" " ind2=" " tag="040"><subfield code="a">DLC</subfield><subfield code="c">DLC</subfield><subfield code="d">DLC</subfield></datafield><datafield ind1="1" ind2=" " tag="100"><subfield code="a">Galba, Servius Sulpicius,</subfield><subfield code="c">Emperor of Rome,</subfield><subfield code="d">3 B.C.-69 A.D.</subfield></datafield><datafield ind1="1" ind2=" " tag="400"><subfield code="a">Galba, Servius Sulpicius,</subfield><subfield code="c">Emperor of Rome,</subfield><subfield code="d">d. 69</subfield><subfield code="w">nnaa</subfield></datafield><datafield ind1="1" ind2=" " tag="400"><subfield code="a">Galba, Lucius Sulpicius,</subfield><subfield code="c">Emperor of Rome,</subfield><subfield code="d">3 B.C.-69 A.D.</subfield></datafield><datafield ind1="1" ind2=" " tag="400"><subfield code="a">Galba,</subfield><subfield code="c">Emperor of Rome,</subfield><subfield code="d">3 B.C.-69 A.D.</subfield></datafield><datafield ind1=" " ind2=" " tag="670"><subfield code="a">Guindon, E. E.</subfield><subfield code="b">An evaluation of Suetonius' life of Galba, 1942.</subfield></datafield><datafield ind1=" " ind2=" " tag="670"><subfield code="a">Sancery, J. Galba, ou, L'armée face au pouvoir, 1983:</subfield><subfield code="b">t.p. (Galba) p. 7 (Servius Sulpicius Galba, Roman emperor)</subfield></datafield><datafield ind1=" " ind2=" " tag="670"><subfield code="a">Encyc. Brit., microp., 1978</subfield><subfield code="b">(Galba, Servius Sulpicius; b. 12/24/3 B.C.-1/15/69)</subfield></datafield><datafield ind1=" " ind2=" " tag="670"><subfield code="a">Colliers:</subfield><subfield code="b">v. 24, p. 507 (indexed as: Galba, Servius Sulpicius (Rom. emp.)) v. 20, p. 192 (in list of Roman emperors: Galba)</subfield></datafield><datafield ind1=" " ind2=" " tag="670"><subfield code="a">Americana:</subfield><subfield code="b">v. 12, p. 236 (Galba, Servius Sulpicius (ca. 3 B.C.-69))</subfield></datafield></record>